<record><leader>00000cas a2200000 a 4500</leader><controlfield tag="001">11230934</controlfield><controlfield tag="008">841005d19161920ksuwr ne      0   a0eng d</controlfield><datafield ind1=" " ind2=" " tag="010"><subfield code="a">sn 84029830 </subfield></datafield><datafield ind1=" " ind2=" " tag="040"><subfield code="a">KSH</subfield><subfield code="b">eng</subfield><subfield code="c">KSH</subfield><subfield code="d">NPT</subfield><subfield code="d">OCL</subfield><subfield code="d">OCLCQ</subfield></datafield><datafield ind1=" " ind2=" " tag="042"><subfield code="a">msc</subfield></datafield><datafield ind1="0" ind2="4" tag="245"><subfield code="a">The Bloom booster.</subfield></datafield><datafield ind1=" " ind2=" " tag="260"><subfield code="a">Bloom, Kan. :</subfield><subfield code="b">Glenn C. Cramer</subfield></datafield><datafield ind1=" " ind2=" " tag="300"><subfield code="a">v. :</subfield><subfield code="b">ill. ;</subfield><subfield code="c">50 cm.</subfield></datafield><datafield ind1=" " ind2=" " tag="310"><subfield code="a">Weekly</subfield></datafield><datafield ind1="1" ind2=" " tag="362"><subfield code="a">Began in 1916; ceased in 1920?</subfield></datafield><datafield ind1=" " ind2=" " tag="500"><subfield code="a">Published by: The Booster Co., Sept. 28, 1916-June 28, 1917; Lorin Wallace, July 5, 1917-</subfield></datafield><datafield ind1=" " ind2=" " tag="515"><subfield code="a">Suspended with Aug. 23, 1916 issue; resumed with Sept. 28, 1916 issue.</subfield></datafield><datafield ind1=" " ind2=" " tag="588"><subfield code="a">Description based on: Vol. 1, no. 5 (Mar. 15, 1916).</subfield></datafield><datafield ind1=" " ind2=" " tag="752"><subfield code="a">United States</subfield><subfield code="b">Kansas</subfield><subfield code="c">Ford</subfield><subfield code="d">Bloom.</subfield></datafield></record>